@misc{linkedIn,
  author =       "Giap Nguyen",
  title =        "\$320 Million Wormhole Hack Explained",
  howpublished = {\url{https://www.linkedin.com/pulse/320-million-wormhole-hack-explained-giap-nguyen/}},
  publisher =    "linkedin",
  year =         "2022",
  month =        2,
  cited =        "2024-04-03"
}

@webpage{certik,
  author =       "certik",
  title =        "Wormhole Bridge Exploit Incident Analysis",
  howpublished = {\url{https://www.certik.com/resources/blog/1kDYgyBcisoD2EqiBpHE5l-wormhole-bridge-exploit-incident-analysis}},
  publisher =    "certik",
  year =         "2022",
  month =        2,
  cited =        "2024-04-03"
}

@webpage{immunebytes,
  author =       "immunebytes",
  title =        "Wormhole Bridge Exploit Incident Analysis",
  howpublished = {\url{https://www.immunebytes.com/blog/wormhole-bridge-hack-feb-2-2022-detailed-hack-analysis/}},
  publisher =    "immunebytes",
  year =         "2023",
  month =        8,
  cited =        "2024-04-03"
}

@webpage{rekt,
  author =       "rekt",
  title =        "WORMHOLE - REKT",
  howpublished = {\url{https://rekt.news/wormhole-rekt/}},
  publisher =    "rekt",
  year =         "2022",
  month =        2,
  cited =        "2024-04-03"
}

@webpage{ackee,
  author =       "ackeeblockchain",
  title =        "2022 Solana Hacks Explained: Wormhole",
  howpublished = {\url{https://ackeeblockchain.com/blog/2022-solana-hacks-explained-wormhole/}},
  publisher =    "ackeeblockchain",
  year =         "2023",
  month =        1,
  cited =        "2024-04-03"
}